@article{banziger2010introducing,
  title={Introducing the geneva multimodal emotion portrayal (gemep) corpus},
  author={B{\"a}nziger, Tanja and Scherer, Klaus R},
  journal={Blueprint for affective computing: A sourcebook},
  pages={271--294},
  year={2010},
  publisher={Oxford University Press Oxford, UK}
}

@misc{eyben2018method,
  title={Method for Automatic Affective State Inference and an Automated Affective State Inference System},
  author={Eyben, Florian and Scherer, Klaus R and Schuller, Bj{\"o}rn W},
  year={2018},
  month=oct # "~25",
  publisher={Google Patents},
  note={US Patent App. 15/959,045}
}

@article{poria2017review,
  title={A review of affective computing: From unimodal analysis to multimodal fusion},
  author={Poria, Soujanya and Cambria, Erik and Bajpai, Rajiv and Hussain, Amir},
  journal={Information Fusion},
  volume={37},
  pages={98--125},
  year={2017},
  publisher={Elsevier}
}